@article{A1,
  author          = "{Mulin Yu, Florent Lafarge, Sven Oesau, Bruno Hilaire}",
  journal         = "{ISPRS Journal of Photogrammetry and Remote Sensing}",
  number          = "{}",
  title           = "{Repairing geometric errors in 3D urban models with kinetic data structures}",
  volume          = "{}",
  year            = "{2022}",
  DOI =          "{https://inria.hal.science/hal-03767910}",
  
}
@article{A2,
  author          = {},
  journal         = {},
  number          = {},
  title           = {Documentation CGAL},
  volume          = {},
  year            = {}
  DOI             ={https://www.cgal.org/index.html}
}