@article{yu:hal-03767910,
  TITLE = {{Repairing geometric errors in 3D urban models with kinetic data structures}},
  AUTHOR = {Yu, Mulin and Lafarge, Florent and Oesau, Sven and Hilaire, Bruno},
  URL = {https://inria.hal.science/hal-03767910},
  JOURNAL = {{ISPRS Journal of Photogrammetry and Remote Sensing}},
  PUBLISHER = {{Elsevier}},
  VOLUME = {192},
  YEAR = {2022},
  MONTH = Oct,
  DOI = {10.1016/j.isprsjprs.2022.08.001},
  KEYWORDS = {Mesh repairing ; Semantic reconstruction ; Kinetic data structure ; BIM ; CityGML ; IFC},
  PDF = {https://inria.hal.science/hal-03767910/file/paper.pdf},
  HAL_ID = {hal-03767910},
  HAL_VERSION = {v1},
}

@article{bauchet:hal-02924409,
  TITLE = {{Kinetic Shape Reconstruction}},
  AUTHOR = {Bauchet, Jean-Philippe and Lafarge, Florent},
  URL = {https://inria.hal.science/hal-02924409},
  JOURNAL = {{ACM Transactions on Graphics}},
  PUBLISHER = {{Association for Computing Machinery}},
  YEAR = {2020},
  KEYWORDS = {piecewise-planar geometry ; Surface reconstruction ; Surface approximation ; polygonal surface mesh ; kinetic framework ; point clouds ; Mesh models ; Parametric curve ; surface approximation ; surface models ; CCS Concepts ; Computing methodologies},
  PDF = {https://inria.hal.science/hal-02924409/file/tog2020.pdf},
  HAL_ID = {hal-02924409},
  HAL_VERSION = {v1},
}

@book{ cgal:eb-24a
, title        = "{CGAL} User and Reference Manual"
, author      = "{The CGAL Project}"
, publisher     = "{CGAL Editorial Board}"
, edition     = "{5.6.1}"
, year         = 2024
, url =    "https://doc.cgal.org/5.6.1/Manual/packages.html"
}
@inproceedings{yu:hal-03621896,
  TITLE = {{Finding Good Configurations of Planar Primitives in Unorganized Point Clouds}},
  AUTHOR = {Yu, Mulin and Lafarge, Florent},
  URL = {https://inria.hal.science/hal-03621896},
  BOOKTITLE = {{CVPR 2022 - IEEE Conference on Computer Vision and Pattern Recognition}},
  ADDRESS = {La Nouvelle-Orl{\'e}ans, United States},
  YEAR = {2022},
  MONTH = Jun,
  PDF = {https://inria.hal.science/hal-03621896/file/CVPR22_Mulin.pdf},
  HAL_ID = {hal-03621896},
  HAL_VERSION = {v1},
}

@misc{ktirio2024,
  author       = {},
  title        = {Ktirio - Construction et Immobilier},
  url          = {https://ktirio.fr/},
}

@misc{cloudcompare2024,
  author       = {},
  title        = {CloudCompare - 3D Point Cloud and Mesh Processing Software},
  url          = {https://www.danielgm.net/cc/},
  
}
